
@book{chernow1998titan,
  author    = {Chernow, Ron},
  title     = {Titan: The Life of John D. Rockefeller, Sr.},
  year      = {1998},
  publisher = {Random House},
}

@article{smith2020wealth,
  author  = {Smith, J. A. and Doe, R. B.},
  title   = {Wealth transition strategies in family businesses},
  journal = {Journal of Family Enterprise},
  volume  = {45},
  number  = {3},
  pages   = {201--218},
  year    = {2020},
  doi     = {10.0000/exampledoi}
}
